<record><leader>00000cas a2200000 a 4500</leader><controlfield tag="001">12004547</controlfield><controlfield tag="008">850507d18621905ohudn ne      0    0eng c</controlfield><datafield ind1=" " ind2=" " tag="010"><subfield code="a">sn 85025985 </subfield></datafield><datafield ind1=" " ind2=" " tag="040"><subfield code="a">NPX</subfield><subfield code="b">eng</subfield><subfield code="c">NPX</subfield><subfield code="d">DLC</subfield><subfield code="d">ONP</subfield><subfield code="d">DLC</subfield><subfield code="d">OCL</subfield><subfield code="d">ONP</subfield><subfield code="d">CNK</subfield><subfield code="d">NVF</subfield><subfield code="d">MHN</subfield><subfield code="d">OCL</subfield><subfield code="d">DLC</subfield><subfield code="d">OCL</subfield><subfield code="d">DLC</subfield><subfield code="d">OCLCQ</subfield><subfield code="d">OCLCA</subfield><subfield code="d">OCLCF</subfield></datafield><datafield ind1=" " ind2=" " tag="012"><subfield code="b">3</subfield></datafield><datafield ind1=" " ind2=" " tag="019"><subfield code="a">11639032</subfield><subfield code="a">12004287</subfield></datafield><datafield ind1="1" ind2=" " tag="029"><subfield code="a">AU@</subfield><subfield code="b">000020233617</subfield></datafield><datafield ind1=" " ind2=" " tag="042"><subfield code="a">pcc</subfield></datafield><datafield ind1=" " ind2=" " tag="043"><subfield code="a">n-us-oh</subfield></datafield><datafield ind1="0" ind2="0" tag="050"><subfield code="a">Newspaper</subfield></datafield><datafield ind1="0" ind2=" " tag="130"><subfield code="a">Dayton daily journal (Dayton, Ohio : 1862)</subfield></datafield><datafield ind1="1" ind2="0" tag="245"><subfield code="a">Dayton daily journal.</subfield></datafield><datafield ind1="3" ind2="0" tag="246"><subfield code="a">Daily Dayton journal</subfield></datafield><datafield ind1=" " ind2=" " tag="260"><subfield code="a">Dayton, Ohio :</subfield><subfield code="b">Marot &amp; Rouzer,</subfield><subfield code="c">1862-1905.</subfield></datafield><datafield ind1=" " ind2=" " tag="300"><subfield code="a">42 v. :</subfield><subfield code="b">ill. ;</subfield><subfield code="c">29-59 cm.</subfield></datafield><datafield ind1=" " ind2=" " tag="310"><subfield code="a">Daily (except Sunday)</subfield></datafield><datafield ind1="0" ind2=" " tag="362"><subfield code="a">New ser., v. 1, no. 8 (Apr. 15, 1862)-v. 42, no. 161 (Jan. 31, 1905).</subfield></datafield><datafield ind1=" " ind2=" " tag="500"><subfield code="a">Published as: Daily Dayton journal, May 6-July 27, 1863.</subfield></datafield><datafield ind1=" " ind2=" " tag="515"><subfield code="a">Issues for May 6-July 27, 1863 published in abbreviated format and lack vol. numbering.</subfield></datafield><datafield ind1=" " ind2=" " tag="580"><subfield code="a">Weekly eds.: Weekly Dayton journal, 1862, and: Dayton weekly journal, 1862-&lt;1873&gt;.</subfield></datafield><datafield ind1=" " ind2="0" tag="651"><subfield code="a">Dayton (Ohio)</subfield><subfield code="v">Newspapers.</subfield></datafield><datafield ind1=" " ind2="0" tag="651"><subfield code="a">Montgomery County (Ohio)</subfield><subfield code="v">Newspapers.</subfield></datafield><datafield ind1=" " ind2="7" tag="655"><subfield code="a">Newspapers.</subfield><subfield code="2">fast</subfield><subfield code="0">(OCoLC)fst01423814</subfield></datafield><datafield ind1=" " ind2="7" tag="651"><subfield code="a">Ohio</subfield><subfield code="z">Dayton.</subfield><subfield code="2">fast</subfield><subfield code="0">(OCoLC)fst01204702</subfield></datafield><datafield ind1=" " ind2="7" tag="651"><subfield code="a">Ohio</subfield><subfield code="z">Montgomery County.</subfield><subfield code="2">fast</subfield><subfield code="0">(OCoLC)fst01211918</subfield></datafield><datafield ind1=" " ind2=" " tag="752"><subfield code="a">United States</subfield><subfield code="b">Ohio</subfield><subfield code="c">Montgomery</subfield><subfield code="d">Dayton.</subfield></datafield><datafield ind1="1" ind2=" " tag="775"><subfield code="t">Weekly Dayton journal</subfield><subfield code="w">(DLC)sn 85042571</subfield><subfield code="w">(OCoLC)12655855</subfield></datafield><datafield ind1="1" ind2=" " tag="775"><subfield code="t">Dayton weekly journal</subfield><subfield code="w">(DLC)sn 84024217</subfield><subfield code="w">(OCoLC)11259387</subfield></datafield><datafield ind1="0" ind2="0" tag="780"><subfield code="t">Daily Dayton journal (Dayton, Ohio : 1858)</subfield><subfield code="w">(DLC)sn 85042573</subfield><subfield code="w">(OCoLC)12656053</subfield></datafield><datafield ind1="0" ind2="0" tag="785"><subfield code="t">Dayton journal (Dayton, Ohio : 1905)</subfield><subfield code="w">(DLC)sn 85042574</subfield><subfield code="w">(OCoLC)12656264</subfield></datafield></record>